@Article{johnson1996point,
  Title                    = {Point process models of single-neuron discharges},
  Author                   = {Johnson, Don H},
  Journal                  = {Journal of computational neuroscience},
  Year                     = {1996},
  Number                   = {4},
  Pages                    = {275--299},
  Volume                   = {3},

  Publisher                = {Springer}
}

@InProceedings{dai2016recurrent,
  author    = {Dai, Hanjun and Wang, Yichen and Trivedi, Rakshit and Song, Le},
  title     = {Recurrent coevolutionary latent feature processes for continuous-time recommendation},
  booktitle = {Proceedings of the 1st Workshop on Deep Learning for Recommender Systems},
  year      = {2016},
  pages     = {29--34},
}

@InProceedings{de2016learning,
  author    = {De, Abir and Valera, Isabel and Ganguly, Niloy and Bhattacharya, Sourangshu and Rodriguez, Manuel Gomez},
  title     = {Learning and forecasting opinion dynamics in social networks},
  booktitle = {Advances in Neural Information Processing Systems},
  year      = {2016},
  pages     = {397--405},
}

@inproceedings{panagiotaropoulosModulationNeuralDischarges2018a,
  title = {Modulation of Neural Discharges and Local Field Potentials in the Macaque Prefrontal Cortex during Binocular Rivalry},
  booktitle = {48th {{Annual Meeting}} of the {{Society}} for {{Neuroscience}} ({{Neuroscience}} 2018)},
  author = {Panagiotaropoulos, F. and Kapoor, V. and Dwarakanath, A. and Safavi, S. and Werner, J. and Hatsopoulos, N. G. and Logothetis, N. K.},
  year = {2018},
  month = nov,
  url = {https://pure.mpg.de/pubman/faces/ViewItemOverviewPage.jsp?itemId=item_3005634},
  urldate = {2021-09-09},
  abstract = {Author: Panagiotaropoulos, F et al.; Genre: Poster; Published online: 2018-11; Title: Modulation of neural discharges and local field potentials in the macaque prefrontal cortex during binocular rivalry},
  groups = {confs,msp},
  timestamp = {2022-03-05T09:47:02Z}
}
% == BibTeX quality report for panagiotaropoulosModulationNeuralDischarges2018:
% ? Unsure about the formatting of the booktitle
% ? unused Library catalog ("pure.mpg.de")
